<record><leader>00000cas a2200000 i 4500</leader><controlfield tag="001">835556214</controlfield><controlfield tag="008">130404c20129999fludr ne      0   a0eng  </controlfield><datafield ind1=" " ind2=" " tag="010"><subfield code="a">  2013218696</subfield></datafield><datafield ind1=" " ind2=" " tag="040"><subfield code="a">DLC</subfield><subfield code="b">eng</subfield><subfield code="e">rda</subfield><subfield code="c">DLC</subfield><subfield code="d">OCLCQ</subfield><subfield code="d">DLC</subfield><subfield code="d">OCLCF</subfield><subfield code="d">DLC</subfield><subfield code="d">CUS</subfield></datafield><datafield ind1=" " ind2=" " tag="012"><subfield code="m">1</subfield></datafield><datafield ind1="0" ind2=" " tag="022"><subfield code="a">2327-9052</subfield><subfield code="2">1</subfield></datafield><datafield ind1=" " ind2=" " tag="032"><subfield code="a">012480</subfield><subfield code="b">USPS</subfield></datafield><datafield ind1=" " ind2=" " tag="042"><subfield code="a">pcc</subfield><subfield code="a">nsdp</subfield></datafield><datafield ind1=" " ind2=" " tag="043"><subfield code="a">n-us-fl</subfield></datafield><datafield ind1="0" ind2="0" tag="050"><subfield code="a">Newspaper</subfield></datafield><datafield ind1=" " ind2="0" tag="222"><subfield code="a">Tampa Bay times</subfield></datafield><datafield ind1="0" ind2="0" tag="245"><subfield code="a">Tampa Bay times.</subfield></datafield><datafield ind1=" " ind2="1" tag="264"><subfield code="a">St. Petersburg, FL :</subfield><subfield code="b">Times Publishing Co.</subfield></datafield><datafield ind1=" " ind2=" " tag="300"><subfield code="a">volumes :</subfield><subfield code="b">illustrations</subfield></datafield><datafield ind1=" " ind2=" " tag="310"><subfield code="a">Daily</subfield></datafield><datafield ind1=" " ind2=" " tag="336"><subfield code="a">text</subfield><subfield code="b">txt</subfield><subfield code="2">rdacontent</subfield></datafield><datafield ind1=" " ind2=" " tag="337"><subfield code="a">unmediated</subfield><subfield code="b">n</subfield><subfield code="2">rdamedia</subfield></datafield><datafield ind1=" " ind2=" " tag="338"><subfield code="a">volume</subfield><subfield code="b">nc</subfield><subfield code="2">rdacarrier</subfield></datafield><datafield ind1="1" ind2=" " tag="362"><subfield code="a">Began Jan. 1, 2012.</subfield></datafield><datafield ind1=" " ind2=" " tag="500"><subfield code="a">"Florida's best newspaper."</subfield></datafield><datafield ind1=" " ind2=" " tag="530"><subfield code="a">Also issued on microfilm from ProQuest.</subfield></datafield><datafield ind1=" " ind2=" " tag="588"><subfield code="a">Description based on: Vol. 128, no. 221 (March 1, 2012); title from masthead.</subfield></datafield><datafield ind1=" " ind2=" " tag="588"><subfield code="a">Latest issue consulted: Vol. 128, no. 230 (March 10, 2012).</subfield></datafield><datafield ind1=" " ind2="0" tag="651"><subfield code="a">Tampa Bay (Fla.)</subfield><subfield code="v">Newspapers.</subfield></datafield><datafield ind1=" " ind2="0" tag="651"><subfield code="a">Saint Petersburg (Fla.)</subfield><subfield code="v">Newspapers.</subfield></datafield><datafield ind1=" " ind2="0" tag="651"><subfield code="a">Pinellas County (Fla.)</subfield><subfield code="v">Newspapers.</subfield></datafield><datafield ind1=" " ind2="7" tag="651"><subfield code="a">Florida</subfield><subfield code="z">Pinellas County.</subfield><subfield code="2">fast</subfield><subfield code="0">(OCoLC)fst01209407</subfield></datafield><datafield ind1=" " ind2="7" tag="651"><subfield code="a">Florida</subfield><subfield code="z">Saint Petersburg.</subfield><subfield code="2">fast</subfield><subfield code="0">(OCoLC)fst01206910</subfield></datafield><datafield ind1=" " ind2="7" tag="651"><subfield code="a">Gulf of Mexico</subfield><subfield code="z">Tampa Bay.</subfield><subfield code="2">fast</subfield><subfield code="0">(OCoLC)fst01239579</subfield></datafield><datafield ind1=" " ind2="7" tag="655"><subfield code="a">Newspapers.</subfield><subfield code="2">fast</subfield><subfield code="0">(OCoLC)fst01423814</subfield></datafield><datafield ind1=" " ind2=" " tag="752"><subfield code="a">United States</subfield><subfield code="b">Florida</subfield><subfield code="c">Pinellas</subfield><subfield code="d">Saint Petersburg.</subfield></datafield><datafield ind1="0" ind2="0" tag="780"><subfield code="t">St. Petersburg times (Saint Petersburg, Fla. : 1921)</subfield><subfield code="w">(DLC)sn 82015883</subfield><subfield code="w">(OCoLC)5920090</subfield></datafield><datafield ind1="0" ind2="5" tag="780"><subfield code="t">Tampa tribune (Tampa, Fla. : 1958)</subfield><subfield code="x">1042-3761</subfield><subfield code="w">(DLC)sn 82014280</subfield><subfield code="w">(OCoLC)8253122</subfield></datafield><datafield ind1="4" ind2="1" tag="856"><subfield code="u">http://www.tampabay.com/</subfield></datafield><datafield ind1="1" ind2=" " tag="029"><subfield code="a">AU@</subfield><subfield code="b">000050728564</subfield></datafield></record>